IEEEexample.bib 
V1.13 (2008/09/30)
Copyright (c) 2002-2008 by Michael Shell
See: http://www.michaelshell.org/
for current contact information.

This is an example BibTeX database for the official IEEEtran.bst
BibTeX style file.

Some entries call strings that are defined in the IEEEabrv.bib file.
Therefore, IEEEabrv.bib should be loaded prior to this file.
Usage:

\bibliographystyle{./IEEEtran}
\bibliography{./IEEEabrv,./IEEEexample}


Support sites:
http://www.michaelshell.org/tex/ieeetran/
http://www.ctan.org/tex-archive/macros/latex/contrib/IEEEtran/
and/or
http://www.ieee.org/

*************************************************************************
Legal Notice:
This code is offered as-is without any warranty either expressed or
implied; without even the implied warranty of MERCHANTABILITY or
FITNESS FOR A PARTICULAR PURPOSE! 
User assumes all risk.
In no event shall IEEE or any contributor to this code be liable for
any damages or losses, including, but not limited to, incidental,
consequential, or any other damages, resulting from the use or misuse
of any information contained here.

All comments are the opinions of their respective authors and are not
necessarily endorsed by the IEEE.

This work is distributed under the LaTeX Project Public License (LPPL)
( http://www.latex-project.org/ ) version 1.3, and may be freely used,
distributed and modified. A copy of the LPPL, version 1.3, is included
in the base LaTeX documentation of all distributions of LaTeX released
2003/12/01 or later.
Retain all contribution notices and credits.
** Modified files should be clearly indicated as such, including  **
** renaming them and changing author support contact information. **

File list of work: IEEEabrv.bib, IEEEfull.bib, IEEEexample.bib,
                   IEEEtran.bst, IEEEtranS.bst, IEEEtranSA.bst,
                   IEEEtranN.bst, IEEEtranSN.bst, IEEEtran_bst_HOWTO.pdf
************************************************************************

@article{videoseal,
  title={Video Seal: Open and Efficient Video Watermarking},
  author={Fernandez, Pierre and Elsahar, Hady and Yalniz, I Zeki and Mourachko, Alexandre},
  journal={arXiv preprint arXiv:2412.09492},
  year={2024}
}

@misc{C2PA, url={https://c2pa.org/}, journal={C2PA}} 

@misc{Parsons_2024, title={Durable content credentials}, url={https://contentauthenticity.org/blog/durable-content-credentials}, journal={Content Authenticity Initiative}, publisher={Content Authenticity Initiative}, author={Parsons, Andy}, year={2024}, month={Apr}} 

@misc{durablecontent,
	author = {Parsons, Andy},
	title = {{D}urable {C}ontent {C}redentials --- contentauthenticity.org},
	howpublished = {\url{https://contentauthenticity.org/blog/durable-content-credentials}},
	year = {2024},
	note = {[Accessed 03-03-2025]},
}

@misc{trustmark,
      title={TrustMark: Universal Watermarking for Arbitrary Resolution Images}, 
      author={Tu Bui and Shruti Agarwal and John Collomosse},
      year={2023},
      eprint={2311.18297},
      archivePrefix={arXiv},
      primaryClass={cs.CV},
      url={https://arxiv.org/abs/2311.18297}, 
}

@misc{contentcredentialsverify,
	author = {},
	title = {{C}ontent {C}redentials --- contentcredentials.org},
	howpublished = {\url{https://contentcredentials.org/verify}},
	year = {},
	note = {[Accessed 03-03-2025]},
}

@misc{archiveTagesschauUhr,
	author = {ARD},
	title = {{T}agesschau 20 00 {U}hr, 29.01.2025 : {A}{R}{D} : {F}ree {D}ownload, {B}orrow, and {S}treaming : {I}nternet {A}rchive --- archive.org},
	howpublished = {\url{https://archive.org/details/tagesschau-20-00-uhr-29.01.2025}},
	year = {2025},
	note = {[Accessed 03-03-2025]},
}

@misc{blenderBuckBunny,
	author = {Blender Foundation},
	title = {{B}ig {B}uck {B}unny  --- peach.blender.org},
	howpublished = {\url{https://peach.blender.org/}},
	year = {2008},
	note = {[Accessed 03-03-2025]},
}

@misc{topiwala2021vmafvariantsunifiedvqa,
      title={VMAF And Variants: Towards A Unified VQA}, 
      author={Pankaj Topiwala and Wei Dai and Jiangfeng Pian and Katalina Biondi and Arvind Krovvidi},
      year={2021},
      eprint={2103.07770},
      archivePrefix={arXiv},
      primaryClass={eess.IV},
      url={https://arxiv.org/abs/2103.07770}, 
}

@misc{adobe, author={Adobe}, url={https://helpx.adobe.com/photoshop/using/content-credentials.html}, journal={Content credentials in Photoshop}, publisher={Adobe}, year={2025}} 

@misc{openai, title={C2PA in DALLÂ·E 3}, url={https://help.openai.com/en/articles/8912793-c2pa-in-dall-e-3}, journal={OpenAI}, publisher={OpenAI}, author={OpenAI}, year={2024}} 

@ARTICLE{mansour,
  title     = "A comprehensive overview of deep learning based video
               watermarking: current works, challenges and future trends",
  author    = "Mansour, Souha and Ben Jabra, Saoussen and Zagrouba, Ezzeddine",
  journal   = "Multimed. Tools Appl.",
  publisher = "Springer Science and Business Media LLC",
  month     =  sep,
  year      =  2024,
  copyright = "https://www.springernature.com/gp/researchers/text-and-data-mining",
  language  = "en"
}

